@book{sers,
  title={Selected Essays of Richard Stallman},
  author={Richard Stallman},
  year={2002},
  publisher={GNU Press}
}

@manual{afses,
  title={Advantages of Free Software in embedded systems},
  organization={Free Electrons},
  note={\url{http://free-electrons.com/doc/reasons.pdf} (last visited 01/19/2012)},
  year={2009}
}

@misc{woss,
  title={Why Open Source Software / Free Software (OSS/FS, FLOSS, or FOSS)?},
  author={David Wheeler},
  howpublished={\url{http://www.dwheeler.com/ossfswhy.html} (last visited 01/12/2012)},
  year={2007},
  month={april}
}

@misc{shuttle,
  title={Mark Shuttleworth on companies and free software},
  author={Mark Shuttleworth},
  howpublished={\url{http://lwn.net/Articles/442782/} (last visited 01/18/2012)},
  year={2011},
  month={may}
}

@misc{sell,
  title={Selling Free Software},
  author={Richard Stallman},
  howpublished={\url{http://www.gnu.org/philosophy/selling.html} (last visited 01/12/2012)},
  year={2011},
  month={september}
}

@misc{free,
  title={What is Free Software?},
  author={Richard Stallman},
  howpublished={\url{http://www.gnu.org/philosophy/free-sw.html} (last visited 01/12/2012)},
  year={2011},
  month={october}
}

@misc{moz,
  title={The State of Mozilla},
  author={Mozilla Foundation},
  howpublished={\url{http://www.mozilla.org/foundation/annualreport/2009} (last visited 01/18/2012)},
  year={2010},
  month={november}
}

@misc{and,
  title={Is Android really free software?},
  author={Richard Stallman},
  howpublished={\url{http://www.guardian.co.uk/technology/2011/sep/19/android-free-software-stallman} (last visited 01/18/2012)},
  year={2011},
  month={september}
}
