@article{Lafferriere2005899,
title = "Decentralized control of vehicle formations",
journal = "Systems \& Control Letters",
volume = "54",
number = "9",
pages = "899 - 910",
year = "2005",
note = "",
issn = "0167-6911",
doi = "10.1016/j.sysconle.2005.02.004",
url = "http://www.sciencedirect.com/science/article/pii/S0167691105000204",
author = "G. Lafferriere and A. Williams and J. Caughman and J.J.P. Veerman",
keywords = "Formation stability",
keywords = "Graph Laplacian",
keywords = "Algebraic graph theory",
keywords = "Decentralized control",
keywords = "Rooted directed spanning tree"
}

@article{Yang2010390,
title = "Decentralized estimation and control of graph connectivity for mobile sensor networks",
journal = "Automatica",
volume = "46",
number = "2",
pages = "390 - 396",
year = "2010",
note = "",
issn = "0005-1098",
doi = "10.1016/j.automatica.2009.11.012",
url = "http://www.sciencedirect.com/science/article/pii/S0005109809005366",
author = "P. Yang and R.A. Freeman and G.J. Gordon and K.M. Lynch and S.S. Srinivasa and R. Sukthankar",
keywords = "Connectivity",
keywords = "Decentralized control",
keywords = "Graph theory",
keywords = "Numerical algorithms",
keywords = "Autonomous mobile robots"
}

@article{Cheng2011497,
title = "Decentralized control of a group of mobile robots for deployment in sweep coverage",
journal = "Robotics and Autonomous Systems",
volume = "59",
number = "7â€“8",
pages = "497 - 507",
year = "2011",
note = "",
issn = "0921-8890",
doi = "10.1016/j.robot.2011.03.001",
url = "http://www.sciencedirect.com/science/article/pii/S0921889011000352",
author = "Teddy M. Cheng and Andrey V. Savkin and Faizan Javed",
keywords = "Agents and autonomous systems",
keywords = "Decentralized control",
keywords = "Mobile robots",
keywords = "Sweep coverage",
keywords = "Sensor deployment"
}
