@manual{snell,
  author={C. Grinstead and J. Snell},
  title={Introduction to Probability},
  year={2006},
  organization={American Mathematical Society}
}

@manual{ocone,
  author={Daniel Ocone},
  title={Discrete and Probabilistic Models in Biology},
  year={2006}
}

@misc{izq,
  author={Luis R. Izquierdo and Segismundo S. Izquierdo and José Manuel Gal\'an and José Ignacio Santos},
  title={Techniques to Understand Computer Simulations: Markov Chain Analysis},
  howpublished={\url{http://jasss.soc.surrey.ac.uk/12/1/6.html}},
  year={2009}
}

@manual{green,
  author={Raymond N. Greenwell and Nathan P. Ritchey and Margaret L. Lial},
  title={Calculus for the Life Sciences},
  year={2003}
}
