@inproceedings{parunak,
  title={Synthetic Pheromone Mechanisms for Coordination of Unmanned Vehicles},
  author={H. Van Dyke Parunak and Sven Brueckner and John Sauter},
  year={2002},
  booktitle={Proceedings of the First International Conference on Autonomous Agents and Multi-Agents Systems}
}
